<record><leader>00000cas a22000007a 4500</leader><controlfield tag="001">14073673</controlfield><controlfield tag="008">860811d190u1923txuwr ne      0    0eng d</controlfield><datafield ind1=" " ind2=" " tag="010"><subfield code="a">sn 86088507 </subfield><subfield code="z">sn 86063779 </subfield></datafield><datafield ind1=" " ind2=" " tag="040"><subfield code="a">PPM</subfield><subfield code="b">eng</subfield><subfield code="c">PPM</subfield><subfield code="d">OCLCQ</subfield></datafield><datafield ind1=" " ind2=" " tag="019"><subfield code="a">13685090</subfield></datafield><datafield ind1=" " ind2=" " tag="042"><subfield code="a">msc</subfield></datafield><datafield ind1="0" ind2=" " tag="130"><subfield code="a">Press-journal (Rusk, Tex.)</subfield></datafield><datafield ind1="1" ind2="4" tag="245"><subfield code="a">The press-journal.</subfield></datafield><datafield ind1=" " ind2=" " tag="260"><subfield code="a">Rusk, Tex. :</subfield><subfield code="b">J.S. Burke and R.A. Burke</subfield></datafield><datafield ind1=" " ind2=" " tag="300"><subfield code="a">v. :</subfield><subfield code="b">ill. ;</subfield><subfield code="c">57 cm.</subfield></datafield><datafield ind1=" " ind2=" " tag="310"><subfield code="a">Weekly</subfield></datafield><datafield ind1="1" ind2=" " tag="362"><subfield code="a">Ceased Mar. 2, 1923.</subfield></datafield><datafield ind1=" " ind2=" " tag="500"><subfield code="a">Continues numbering of: Industrial press.</subfield></datafield><datafield ind1=" " ind2=" " tag="588"><subfield code="a">Description based on: Vol. 10, no. 18 (June 21, 1906).</subfield></datafield><datafield ind1=" " ind2=" " tag="752"><subfield code="a">United States</subfield><subfield code="b">Texas</subfield><subfield code="c">Cherokee</subfield><subfield code="d">Rusk.</subfield></datafield><datafield ind1="0" ind2="4" tag="780"><subfield code="t">Rusk weekly journal</subfield><subfield code="w">(DLC)sn 86090041</subfield></datafield><datafield ind1="0" ind2="4" tag="780"><subfield code="t">Industrial press (Rusk, Tex.)</subfield><subfield code="w">(DLC)sn 86090075</subfield></datafield><datafield ind1="0" ind2="4" tag="785"><subfield code="t">Rusk Cherokeean</subfield><subfield code="w">(DLC)sn 86090086</subfield></datafield><datafield ind1="1" ind2=" " tag="029"><subfield code="a">AU@</subfield><subfield code="b">000026226457</subfield></datafield></record>